<record><leader>00000cas a22000007a 4500</leader><controlfield tag="001">20112995</controlfield><controlfield tag="008">890802d18421844pauwr ne      0    0eng d</controlfield><datafield ind1=" " ind2=" " tag="010"><subfield code="a">sn 89077278 </subfield></datafield><datafield ind1=" " ind2=" " tag="040"><subfield code="a">NPH</subfield><subfield code="b">eng</subfield><subfield code="c">NPH</subfield><subfield code="d">OCLCQ</subfield></datafield><datafield ind1=" " ind2=" " tag="042"><subfield code="a">msc</subfield></datafield><datafield ind1="0" ind2="0" tag="245"><subfield code="a">Newtown journal and working-men's advocate.</subfield></datafield><datafield ind1="1" ind2="7" tag="246"><subfield code="a">Journal and advocate</subfield></datafield><datafield ind1=" " ind2=" " tag="260"><subfield code="a">Newtown, Pa. :</subfield><subfield code="b">S.J. &amp; E.M. Paxson,</subfield><subfield code="c">1842-1844.</subfield></datafield><datafield ind1=" " ind2=" " tag="300"><subfield code="a">v. :</subfield><subfield code="b">ill. (chiefly advertisements) ;</subfield><subfield code="c">57 cm.</subfield></datafield><datafield ind1=" " ind2=" " tag="310"><subfield code="a">Weekly</subfield></datafield><datafield ind1="0" ind2=" " tag="362"><subfield code="a">New ser. v. 1, no. 6 (Sept. 20, 1842)-v. 3, no. 20 (Dec. 24, 1844) = whole no. 110-228.</subfield></datafield><datafield ind1=" " ind2=" " tag="752"><subfield code="a">United States</subfield><subfield code="b">Pennsylvania</subfield><subfield code="c">Bucks</subfield><subfield code="d">Newtown.</subfield></datafield><datafield ind1="0" ind2="0" tag="780"><subfield code="t">Literary chronicle and working-man's advocate</subfield><subfield code="w">(DLC)sn 89077283</subfield></datafield><datafield ind1="0" ind2="0" tag="785"><subfield code="t">Newtown journal and Native American</subfield><subfield code="w">(DLC)sn 86053782</subfield></datafield></record>